<?xml version="1.0" encoding="UTF-8"?>
  <record xmlns="http://www.loc.gov/MARC21/slim" type="Authority">
    <leader>00000nz  a2200000oc 4500</leader>
    <controlfield tag="001">1228305420</controlfield>
    <controlfield tag="003">DE-101</controlfield>
    <controlfield tag="005">20210301164258.0</controlfield>
    <controlfield tag="008">210301n||aznnnaabn           | aaa    |c</controlfield>
    <datafield tag="024" ind1="7" ind2=" ">
      <subfield code="a">1228305420</subfield>
      <subfield code="0">http://d-nb.info/gnd/1228305420</subfield>
      <subfield code="2">gnd</subfield>
    </datafield>
    <datafield tag="035" ind1=" " ind2=" ">
      <subfield code="a">(DE-101)1228305420</subfield>
    </datafield>
    <datafield tag="035" ind1=" " ind2=" ">
      <subfield code="a">(DE-588)1228305420</subfield>
    </datafield>
    <datafield tag="040" ind1=" " ind2=" ">
      <subfield code="a">DE-17</subfield>
      <subfield code="c">DE-17</subfield>
      <subfield code="9">r:DE-17</subfield>
      <subfield code="b">ger</subfield>
      <subfield code="d">0017</subfield>
      <subfield code="e">rda</subfield>
    </datafield>
    <datafield tag="042" ind1=" " ind2=" ">
      <subfield code="a">gnd3</subfield>
    </datafield>
    <datafield tag="043" ind1=" " ind2=" ">
      <subfield code="c">XA-IT</subfield>
    </datafield>
    <datafield tag="075" ind1=" " ind2=" ">
      <subfield code="b">p</subfield>
      <subfield code="2">gndgen</subfield>
    </datafield>
    <datafield tag="075" ind1=" " ind2=" ">
      <subfield code="b">piz</subfield>
      <subfield code="2">gndspec</subfield>
    </datafield>
    <datafield tag="079" ind1=" " ind2=" ">
      <subfield code="a">g</subfield>
      <subfield code="q">f</subfield>
    </datafield>
    <datafield tag="100" ind1="1" ind2=" ">
      <subfield code="a">Mazzara, Giovanni</subfield>
      <subfield code="d">1587-1648</subfield>
    </datafield>
    <datafield tag="400" ind1="0" ind2=" ">
      <subfield code="a">Giovanni da Napoli</subfield>
      <subfield code="d">1587-1648</subfield>
      <subfield code="9">v:Namen in Vorlageform</subfield>
    </datafield>
    <datafield tag="400" ind1="0" ind2=" ">
      <subfield code="a">Pater Joannis à Neapoli</subfield>
      <subfield code="d">1587-1648</subfield>
      <subfield code="9">v:Namen in Vorlageform</subfield>
    </datafield>
    <datafield tag="510" ind1="2" ind2=" ">
      <subfield code="0">(DE-101)004047621</subfield>
      <subfield code="0">(DE-588)1008636-5</subfield>
      <subfield code="0">https://d-nb.info/gnd/1008636-5</subfield>
      <subfield code="a">Franziskaner</subfield>
      <subfield code="4">affi</subfield>
      <subfield code="4">https://d-nb.info/standards/elementset/gnd#affiliation</subfield>
      <subfield code="w">r</subfield>
      <subfield code="i">Affiliation</subfield>
      <subfield code="e">Affiliation</subfield>
    </datafield>
    <datafield tag="548" ind1=" " ind2=" ">
      <subfield code="a">1587-1648</subfield>
      <subfield code="4">datl</subfield>
      <subfield code="4">https://d-nb.info/standards/elementset/gnd#dateOfBirthAndDeath</subfield>
      <subfield code="w">r</subfield>
      <subfield code="i">Lebensdaten</subfield>
    </datafield>
    <datafield tag="550" ind1=" " ind2=" ">
      <subfield code="0">(DE-101)043099548</subfield>
      <subfield code="0">(DE-588)4309954-3</subfield>
      <subfield code="0">https://d-nb.info/gnd/4309954-3</subfield>
      <subfield code="a">Ordensleute</subfield>
      <subfield code="4">beru</subfield>
      <subfield code="4">https://d-nb.info/standards/elementset/gnd#professionOrOccupation</subfield>
      <subfield code="w">r</subfield>
      <subfield code="i">Beruf</subfield>
    </datafield>
    <datafield tag="551" ind1=" " ind2=" ">
      <subfield code="0">(DE-101)040368629</subfield>
      <subfield code="0">(DE-588)4036862-2</subfield>
      <subfield code="0">https://d-nb.info/gnd/4036862-2</subfield>
      <subfield code="a">Madrid</subfield>
      <subfield code="4">orts</subfield>
      <subfield code="4">https://d-nb.info/standards/elementset/gnd#placeOfDeath</subfield>
      <subfield code="w">r</subfield>
      <subfield code="i">Sterbeort</subfield>
    </datafield>
    <datafield tag="670" ind1=" " ind2=" ">
      <subfield code="a">Andrea F., Repertorio bibliografico dei frati minori napoletani, S. 72-73</subfield>
    </datafield>
    <datafield tag="670" ind1=" " ind2=" ">
      <subfield code="a">Toppi N., Biblioteca napoletana, S. 323</subfield>
    </datafield>
    <datafield tag="678" ind1=" " ind2=" ">
      <subfield code="b">"Da Napoli" bzw. aus der Region Terra di Lavoro, Franziskaner (Observanten). Minister der Provinz Neapel, 1645 in Toledo als Generalminister des Ordens gewählt, stirbt 1648 in Madrid.</subfield>
    </datafield>
  </record>
